<?xml version="1.0" encoding="utf-8"?>
<Document xmlns="urn:iso:std:iso:20022:tech:xsd:pacs.008.001.07" xmlns:xsi="http://www.w3.org/2001/XMLSchema-instance">
	<FIToFICstmrCdtTrf>
		<GrpHdr>
			<MsgId>BCEM240708000043</MsgId>
			<CreDtTm>2024-07-08T13:43:42Z</CreDtTm>
			<NbOfTxs>9</NbOfTxs>
			<TtlIntrBkSttlmAmt Ccy="MRU">435238</TtlIntrBkSttlmAmt>
			<IntrBkSttlmDt>2024-07-08</IntrBkSttlmDt>
			<SttlmInf>
				<SttlmMtd>CLRG</SttlmMtd>
				<ClrSys>
					<Prtry>ACH</Prtry>
				</ClrSys>
			</SttlmInf>
			<InstgAgt>
				<FinInstnId>
					<BICFI>BCEMMRMR</BICFI>
				</FinInstnId>
			</InstgAgt>
		</GrpHdr>
		<CdtTrfTxInf>
			<PmtId>
				<InstrId>BCEM24070800000417</InstrId>
				<EndToEndId>BCEM24070800000417</EndToEndId>
				<TxId>BCEM24070800000417</TxId>
			</PmtId>
			<PmtTpInf>
				<SvcLvl>
					<Cd>SEPA</Cd>
				</SvcLvl>
				<LclInstrm>
					<Cd>B2B</Cd>
				</LclInstrm>
				<CtgyPurp>
					<Cd>CASH</Cd>
				</CtgyPurp>
			</PmtTpInf>
			<IntrBkSttlmAmt Ccy="MRU">28275</IntrBkSttlmAmt>
			<ChrgBr>SLEV</ChrgBr>
			<Dbtr>
				<Nm>Isaiah Hughes</Nm>
			</Dbtr>
			<DbtrAcct>
				<Id>
					<Othr>
						<Id>GBTK56764075357424</Id>
					</Othr>
				</Id>
			</DbtrAcct>
			<DbtrAgt>
				<FinInstnId>
					<BICFI>BCEMMRMR</BICFI>
				</FinInstnId>
			</DbtrAgt>
			<CdtrAgt>
				<FinInstnId>
					<BICFI>BCEMMRMR</BICFI>
				</FinInstnId>
			</CdtrAgt>
			<Cdtr>
				<Nm>00001000010000300121970</Nm>
			</Cdtr>
			<CdtrAcct>
				<Id>
					<Othr>
						<Id>MRU</Id>
					</Othr>
				</Id>
			</CdtrAcct>
			<Purp>
				<Cd>ADVA</Cd>
			</Purp>
			<RmtInf>
				<Ustrd>Indicate war woman.</Ustrd>
			</RmtInf>
		</CdtTrfTxInf>
		<CdtTrfTxInf>
			<PmtId>
				<InstrId>BCEM24070800000418</InstrId>
				<EndToEndId>BCEM24070800000418</EndToEndId>
				<TxId>BCEM24070800000418</TxId>
			</PmtId>
			<PmtTpInf>
				<SvcLvl>
					<Cd>SEPA</Cd>
				</SvcLvl>
				<LclInstrm>
					<Cd>B2B</Cd>
				</LclInstrm>
				<CtgyPurp>
					<Cd>CASH</Cd>
				</CtgyPurp>
			</PmtTpInf>
			<IntrBkSttlmAmt Ccy="MRU">26927</IntrBkSttlmAmt>
			<ChrgBr>SLEV</ChrgBr>
			<Dbtr>
				<Nm>Angela Robbins MD</Nm>
			</Dbtr>
			<DbtrAcct>
				<Id>
					<Othr>
						<Id>SGYC41545581171386</Id>
					</Othr>
				</Id>
			</DbtrAcct>
			<DbtrAgt>
				<FinInstnId>
					<BICFI>BCEMMRMR</BICFI>
				</FinInstnId>
			</DbtrAgt>
			<CdtrAgt>
				<FinInstnId>
					<BICFI>BCEMMRMR</BICFI>
				</FinInstnId>
			</CdtrAgt>
			<Cdtr>
				<Nm>00001000010000300212083</Nm>
			</Cdtr>
			<CdtrAcct>
				<Id>
					<Othr>
						<Id>MRU</Id>
					</Othr>
				</Id>
			</CdtrAcct>
			<Purp>
				<Cd>ADVA</Cd>
			</Purp>
			<RmtInf>
				<Ustrd>Ground campaign.</Ustrd>
			</RmtInf>
		</CdtTrfTxInf>
		<CdtTrfTxInf>
			<PmtId>
				<InstrId>BCEM24070800000419</InstrId>
				<EndToEndId>BCEM24070800000419</EndToEndId>
				<TxId>BCEM24070800000419</TxId>
			</PmtId>
			<PmtTpInf>
				<SvcLvl>
					<Cd>SEPA</Cd>
				</SvcLvl>
				<LclInstrm>
					<Cd>B2B</Cd>
				</LclInstrm>
				<CtgyPurp>
					<Cd>CASH</Cd>
				</CtgyPurp>
			</PmtTpInf>
			<IntrBkSttlmAmt Ccy="MRU">21579</IntrBkSttlmAmt>
			<ChrgBr>SLEV</ChrgBr>
			<Dbtr>
				<Nm>Erica Cline</Nm>
			</Dbtr>
			<DbtrAcct>
				<Id>
					<Othr>
						<Id>VPZG75477669526169</Id>
					</Othr>
				</Id>
			</DbtrAcct>
			<DbtrAgt>
				<FinInstnId>
					<BICFI>BCEMMRMR</BICFI>
				</FinInstnId>
			</DbtrAgt>
			<CdtrAgt>
				<FinInstnId>
					<BICFI>BCEMMRMR</BICFI>
				</FinInstnId>
			</CdtrAgt>
			<Cdtr>
				<Nm>00001000010000300170761</Nm>
			</Cdtr>
			<CdtrAcct>
				<Id>
					<Othr>
						<Id>MRU</Id>
					</Othr>
				</Id>
			</CdtrAcct>
			<Purp>
				<Cd>ADVA</Cd>
			</Purp>
			<RmtInf>
				<Ustrd>Main participant.</Ustrd>
			</RmtInf>
		</CdtTrfTxInf>
		<CdtTrfTxInf>
			<PmtId>
				<InstrId>BCEM24070800000420</InstrId>
				<EndToEndId>BCEM24070800000420</EndToEndId>
				<TxId>BCEM24070800000420</TxId>
			</PmtId>
			<PmtTpInf>
				<SvcLvl>
					<Cd>SEPA</Cd>
				</SvcLvl>
				<LclInstrm>
					<Cd>B2B</Cd>
				</LclInstrm>
				<CtgyPurp>
					<Cd>CASH</Cd>
				</CtgyPurp>
			</PmtTpInf>
			<IntrBkSttlmAmt Ccy="MRU">92747</IntrBkSttlmAmt>
			<ChrgBr>SLEV</ChrgBr>
			<Dbtr>
				<Nm>Andrea Sanchez</Nm>
			</Dbtr>
			<DbtrAcct>
				<Id>
					<Othr>
						<Id>JYWW50459639143001</Id>
					</Othr>
				</Id>
			</DbtrAcct>
			<DbtrAgt>
				<FinInstnId>
					<BICFI>BCEMMRMR</BICFI>
				</FinInstnId>
			</DbtrAgt>
			<CdtrAgt>
				<FinInstnId>
					<BICFI>BCEMMRMR</BICFI>
				</FinInstnId>
			</CdtrAgt>
			<Cdtr>
				<Nm>00001000010000300117120</Nm>
			</Cdtr>
			<CdtrAcct>
				<Id>
					<Othr>
						<Id>MRU</Id>
					</Othr>
				</Id>
			</CdtrAcct>
			<Purp>
				<Cd>ADVA</Cd>
			</Purp>
			<RmtInf>
				<Ustrd>Need hit myself arm.</Ustrd>
			</RmtInf>
		</CdtTrfTxInf>
		<CdtTrfTxInf>
			<PmtId>
				<InstrId>BCEM24070800000421</InstrId>
				<EndToEndId>BCEM24070800000421</EndToEndId>
				<TxId>BCEM24070800000421</TxId>
			</PmtId>
			<PmtTpInf>
				<SvcLvl>
					<Cd>SEPA</Cd>
				</SvcLvl>
				<LclInstrm>
					<Cd>B2B</Cd>
				</LclInstrm>
				<CtgyPurp>
					<Cd>CASH</Cd>
				</CtgyPurp>
			</PmtTpInf>
			<IntrBkSttlmAmt Ccy="MRU">12288</IntrBkSttlmAmt>
			<ChrgBr>SLEV</ChrgBr>
			<Dbtr>
				<Nm>Debra Thompson</Nm>
			</Dbtr>
			<DbtrAcct>
				<Id>
					<Othr>
						<Id>EGCL73223629819408</Id>
					</Othr>
				</Id>
			</DbtrAcct>
			<DbtrAgt>
				<FinInstnId>
					<BICFI>BCEMMRMR</BICFI>
				</FinInstnId>
			</DbtrAgt>
			<CdtrAgt>
				<FinInstnId>
					<BICFI>BCEMMRMR</BICFI>
				</FinInstnId>
			</CdtrAgt>
			<Cdtr>
				<Nm>00001000010000300126626</Nm>
			</Cdtr>
			<CdtrAcct>
				<Id>
					<Othr>
						<Id>MRU</Id>
					</Othr>
				</Id>
			</CdtrAcct>
			<Purp>
				<Cd>ADVA</Cd>
			</Purp>
			<RmtInf>
				<Ustrd>Lose fly yet alone.</Ustrd>
			</RmtInf>
		</CdtTrfTxInf>
		<CdtTrfTxInf>
			<PmtId>
				<InstrId>BCEM24070800000422</InstrId>
				<EndToEndId>BCEM24070800000422</EndToEndId>
				<TxId>BCEM24070800000422</TxId>
			</PmtId>
			<PmtTpInf>
				<SvcLvl>
					<Cd>SEPA</Cd>
				</SvcLvl>
				<LclInstrm>
					<Cd>B2B</Cd>
				</LclInstrm>
				<CtgyPurp>
					<Cd>CASH</Cd>
				</CtgyPurp>
			</PmtTpInf>
			<IntrBkSttlmAmt Ccy="MRU">16828</IntrBkSttlmAmt>
			<ChrgBr>SLEV</ChrgBr>
			<Dbtr>
				<Nm>Lisa Velasquez</Nm>
			</Dbtr>
			<DbtrAcct>
				<Id>
					<Othr>
						<Id>BSEV29541504323823</Id>
					</Othr>
				</Id>
			</DbtrAcct>
			<DbtrAgt>
				<FinInstnId>
					<BICFI>BCEMMRMR</BICFI>
				</FinInstnId>
			</DbtrAgt>
			<CdtrAgt>
				<FinInstnId>
					<BICFI>BCEMMRMR</BICFI>
				</FinInstnId>
			</CdtrAgt>
			<Cdtr>
				<Nm>00001000010000300310053</Nm>
			</Cdtr>
			<CdtrAcct>
				<Id>
					<Othr>
						<Id>MRU</Id>
					</Othr>
				</Id>
			</CdtrAcct>
			<Purp>
				<Cd>ADVA</Cd>
			</Purp>
			<RmtInf>
				<Ustrd>Value why unit poor.</Ustrd>
			</RmtInf>
		</CdtTrfTxInf>
		<CdtTrfTxInf>
			<PmtId>
				<InstrId>BCEM24070800000423</InstrId>
				<EndToEndId>BCEM24070800000423</EndToEndId>
				<TxId>BCEM24070800000423</TxId>
			</PmtId>
			<PmtTpInf>
				<SvcLvl>
					<Cd>SEPA</Cd>
				</SvcLvl>
				<LclInstrm>
					<Cd>B2B</Cd>
				</LclInstrm>
				<CtgyPurp>
					<Cd>CASH</Cd>
				</CtgyPurp>
			</PmtTpInf>
			<IntrBkSttlmAmt Ccy="MRU">86358</IntrBkSttlmAmt>
			<ChrgBr>SLEV</ChrgBr>
			<Dbtr>
				<Nm>Stacy Reyes</Nm>
			</Dbtr>
			<DbtrAcct>
				<Id>
					<Othr>
						<Id>OELC68540952995700</Id>
					</Othr>
				</Id>
			</DbtrAcct>
			<DbtrAgt>
				<FinInstnId>
					<BICFI>BCEMMRMR</BICFI>
				</FinInstnId>
			</DbtrAgt>
			<CdtrAgt>
				<FinInstnId>
					<BICFI>BCEMMRMR</BICFI>
				</FinInstnId>
			</CdtrAgt>
			<Cdtr>
				<Nm>00001000010000515150891</Nm>
			</Cdtr>
			<CdtrAcct>
				<Id>
					<Othr>
						<Id>MRU</Id>
					</Othr>
				</Id>
			</CdtrAcct>
			<Purp>
				<Cd>ADVA</Cd>
			</Purp>
			<RmtInf>
				<Ustrd>Eight ok simply.</Ustrd>
			</RmtInf>
		</CdtTrfTxInf>
		<CdtTrfTxInf>
			<PmtId>
				<InstrId>BCEM24070800000424</InstrId>
				<EndToEndId>BCEM24070800000424</EndToEndId>
				<TxId>BCEM24070800000424</TxId>
			</PmtId>
			<PmtTpInf>
				<SvcLvl>
					<Cd>SEPA</Cd>
				</SvcLvl>
				<LclInstrm>
					<Cd>B2B</Cd>
				</LclInstrm>
				<CtgyPurp>
					<Cd>CASH</Cd>
				</CtgyPurp>
			</PmtTpInf>
			<IntrBkSttlmAmt Ccy="MRU">89704</IntrBkSttlmAmt>
			<ChrgBr>SLEV</ChrgBr>
			<Dbtr>
				<Nm>Richard Tate</Nm>
			</Dbtr>
			<DbtrAcct>
				<Id>
					<Othr>
						<Id>HVFU43474200431872</Id>
					</Othr>
				</Id>
			</DbtrAcct>
			<DbtrAgt>
				<FinInstnId>
					<BICFI>BCEMMRMR</BICFI>
				</FinInstnId>
			</DbtrAgt>
			<CdtrAgt>
				<FinInstnId>
					<BICFI>BCEMMRMR</BICFI>
				</FinInstnId>
			</CdtrAgt>
			<Cdtr>
				<Nm>00001000010000300301614</Nm>
			</Cdtr>
			<CdtrAcct>
				<Id>
					<Othr>
						<Id>MRU</Id>
					</Othr>
				</Id>
			</CdtrAcct>
			<Purp>
				<Cd>ADVA</Cd>
			</Purp>
			<RmtInf>
				<Ustrd>Natural president.</Ustrd>
			</RmtInf>
		</CdtTrfTxInf>
		<CdtTrfTxInf>
			<PmtId>
				<InstrId>BCEM24070800000425</InstrId>
				<EndToEndId>BCEM24070800000425</EndToEndId>
				<TxId>BCEM24070800000425</TxId>
			</PmtId>
			<PmtTpInf>
				<SvcLvl>
					<Cd>SEPA</Cd>
				</SvcLvl>
				<LclInstrm>
					<Cd>B2B</Cd>
				</LclInstrm>
				<CtgyPurp>
					<Cd>CASH</Cd>
				</CtgyPurp>
			</PmtTpInf>
			<IntrBkSttlmAmt Ccy="MRU">60532</IntrBkSttlmAmt>
			<ChrgBr>SLEV</ChrgBr>
			<Dbtr>
				<Nm>Debbie Duffy</Nm>
			</Dbtr>
			<DbtrAcct>
				<Id>
					<Othr>
						<Id>FNPC66683280981471</Id>
					</Othr>
				</Id>
			</DbtrAcct>
			<DbtrAgt>
				<FinInstnId>
					<BICFI>BCEMMRMR</BICFI>
				</FinInstnId>
			</DbtrAgt>
			<CdtrAgt>
				<FinInstnId>
					<BICFI>BCEMMRMR</BICFI>
				</FinInstnId>
			</CdtrAgt>
			<Cdtr>
				<Nm>00001000010000300122067</Nm>
			</Cdtr>
			<CdtrAcct>
				<Id>
					<Othr>
						<Id>MRU</Id>
					</Othr>
				</Id>
			</CdtrAcct>
			<Purp>
				<Cd>ADVA</Cd>
			</Purp>
			<RmtInf>
				<Ustrd>Building establish.</Ustrd>
			</RmtInf>
		</CdtTrfTxInf>
	</FIToFICstmrCdtTrf>
</Document>