<?xml version="1.0" encoding="utf-8"?>
<Document xmlns="urn:iso:std:iso:20022:tech:xsd:pacs.008.001.07" xmlns:xsi="http://www.w3.org/2001/XMLSchema-instance">
	<FIToFICstmrCdtTrf>
		<GrpHdr>
			<MsgId>FIAQ240709000076</MsgId>
			<CreDtTm>2024-07-09T19:56:43Z</CreDtTm>
			<NbOfTxs>4</NbOfTxs>
			<TtlIntrBkSttlmAmt Ccy="MRU">230726</TtlIntrBkSttlmAmt>
			<IntrBkSttlmDt>2024-07-09</IntrBkSttlmDt>
			<SttlmInf>
				<SttlmMtd>CLRG</SttlmMtd>
				<ClrSys>
					<Prtry>ACH</Prtry>
				</ClrSys>
			</SttlmInf>
			<InstgAgt>
				<FinInstnId>
					<BICFI>FIAQMRMR</BICFI>
				</FinInstnId>
			</InstgAgt>
		</GrpHdr>
		<CdtTrfTxInf>
			<PmtId>
				<InstrId>FIAQ24070900000715</InstrId>
				<EndToEndId>FIAQ24070900000715</EndToEndId>
				<TxId>FIAQ24070900000715</TxId>
			</PmtId>
			<PmtTpInf>
				<SvcLvl>
					<Cd>SEPA</Cd>
				</SvcLvl>
				<LclInstrm>
					<Cd>B2B</Cd>
				</LclInstrm>
				<CtgyPurp>
					<Cd>CASH</Cd>
				</CtgyPurp>
			</PmtTpInf>
			<IntrBkSttlmAmt Ccy="MRU">71274</IntrBkSttlmAmt>
			<ChrgBr>SLEV</ChrgBr>
			<Dbtr>
				<Nm>Amy Henderson</Nm>
			</Dbtr>
			<DbtrAcct>
				<Id>
					<Othr>
						<Id>VUNG51458126463635</Id>
					</Othr>
				</Id>
			</DbtrAcct>
			<DbtrAgt>
				<FinInstnId>
					<BICFI>FIAQMRMR</BICFI>
				</FinInstnId>
			</DbtrAgt>
			<CdtrAgt>
				<FinInstnId>
					<BICFI>BCEMMRMR</BICFI>
				</FinInstnId>
			</CdtrAgt>
			<Cdtr>
				<Nm>00001000010000300116247</Nm>
			</Cdtr>
			<CdtrAcct>
				<Id>
					<Othr>
						<Id>R</Id>
					</Othr>
				</Id>
			</CdtrAcct>
			<Purp>
				<Cd>ADVA</Cd>
			</Purp>
			<RmtInf>
				<Ustrd>Unit raise.</Ustrd>
			</RmtInf>
		</CdtTrfTxInf>
		<CdtTrfTxInf>
			<PmtId>
				<InstrId>FIAQ24070900000716</InstrId>
				<EndToEndId>FIAQ24070900000716</EndToEndId>
				<TxId>FIAQ24070900000716</TxId>
			</PmtId>
			<PmtTpInf>
				<SvcLvl>
					<Cd>SEPA</Cd>
				</SvcLvl>
				<LclInstrm>
					<Cd>B2B</Cd>
				</LclInstrm>
				<CtgyPurp>
					<Cd>CASH</Cd>
				</CtgyPurp>
			</PmtTpInf>
			<IntrBkSttlmAmt Ccy="MRU">47157</IntrBkSttlmAmt>
			<ChrgBr>SLEV</ChrgBr>
			<Dbtr>
				<Nm>Antonio Dennis</Nm>
			</Dbtr>
			<DbtrAcct>
				<Id>
					<Othr>
						<Id>KGRL60219959707993</Id>
					</Othr>
				</Id>
			</DbtrAcct>
			<DbtrAgt>
				<FinInstnId>
					<BICFI>FIAQMRMR</BICFI>
				</FinInstnId>
			</DbtrAgt>
			<CdtrAgt>
				<FinInstnId>
					<BICFI>BCEMMRMR</BICFI>
				</FinInstnId>
			</CdtrAgt>
			<Cdtr>
				<Nm>00001000010000300118284</Nm>
			</Cdtr>
			<CdtrAcct>
				<Id>
					<Othr>
						<Id>R</Id>
					</Othr>
				</Id>
			</CdtrAcct>
			<Purp>
				<Cd>ADVA</Cd>
			</Purp>
			<RmtInf>
				<Ustrd>Organization reach.</Ustrd>
			</RmtInf>
		</CdtTrfTxInf>
		<CdtTrfTxInf>
			<PmtId>
				<InstrId>FIAQ24070900000717</InstrId>
				<EndToEndId>FIAQ24070900000717</EndToEndId>
				<TxId>FIAQ24070900000717</TxId>
			</PmtId>
			<PmtTpInf>
				<SvcLvl>
					<Cd>SEPA</Cd>
				</SvcLvl>
				<LclInstrm>
					<Cd>B2B</Cd>
				</LclInstrm>
				<CtgyPurp>
					<Cd>CASH</Cd>
				</CtgyPurp>
			</PmtTpInf>
			<IntrBkSttlmAmt Ccy="MRU">38655</IntrBkSttlmAmt>
			<ChrgBr>SLEV</ChrgBr>
			<Dbtr>
				<Nm>Teresa Hernandez</Nm>
			</Dbtr>
			<DbtrAcct>
				<Id>
					<Othr>
						<Id>HMLT03083732926642</Id>
					</Othr>
				</Id>
			</DbtrAcct>
			<DbtrAgt>
				<FinInstnId>
					<BICFI>FIAQMRMR</BICFI>
				</FinInstnId>
			</DbtrAgt>
			<CdtrAgt>
				<FinInstnId>
					<BICFI>BCEMMRMR</BICFI>
				</FinInstnId>
			</CdtrAgt>
			<Cdtr>
				<Nm>00001000010000300122358</Nm>
			</Cdtr>
			<CdtrAcct>
				<Id>
					<Othr>
						<Id>M</Id>
					</Othr>
				</Id>
			</CdtrAcct>
			<Purp>
				<Cd>ADVA</Cd>
			</Purp>
			<RmtInf>
				<Ustrd>Respond save finish.</Ustrd>
			</RmtInf>
		</CdtTrfTxInf>
		<CdtTrfTxInf>
			<PmtId>
				<InstrId>FIAQ24070900000718</InstrId>
				<EndToEndId>FIAQ24070900000718</EndToEndId>
				<TxId>FIAQ24070900000718</TxId>
			</PmtId>
			<PmtTpInf>
				<SvcLvl>
					<Cd>SEPA</Cd>
				</SvcLvl>
				<LclInstrm>
					<Cd>B2B</Cd>
				</LclInstrm>
				<CtgyPurp>
					<Cd>CASH</Cd>
				</CtgyPurp>
			</PmtTpInf>
			<IntrBkSttlmAmt Ccy="MRU">73640</IntrBkSttlmAmt>
			<ChrgBr>SLEV</ChrgBr>
			<Dbtr>
				<Nm>Nancy Oconnor</Nm>
			</Dbtr>
			<DbtrAcct>
				<Id>
					<Othr>
						<Id>WSRE30820572275052</Id>
					</Othr>
				</Id>
			</DbtrAcct>
			<DbtrAgt>
				<FinInstnId>
					<BICFI>FIAQMRMR</BICFI>
				</FinInstnId>
			</DbtrAgt>
			<CdtrAgt>
				<FinInstnId>
					<BICFI>BCEMMRMR</BICFI>
				</FinInstnId>
			</CdtrAgt>
			<Cdtr>
				<Nm>00001000010000300170955</Nm>
			</Cdtr>
			<CdtrAcct>
				<Id>
					<Othr>
						<Id>R</Id>
					</Othr>
				</Id>
			</CdtrAcct>
			<Purp>
				<Cd>ADVA</Cd>
			</Purp>
			<RmtInf>
				<Ustrd>Finally few soon.</Ustrd>
			</RmtInf>
		</CdtTrfTxInf>
	</FIToFICstmrCdtTrf>
</Document>