<?xml version="1.0" encoding="utf-8"?>
<Document xmlns="urn:iso:std:iso:20022:tech:xsd:pacs.008.001.07" xmlns:xsi="http://www.w3.org/2001/XMLSchema-instance">
	<FIToFICstmrCdtTrf>
		<GrpHdr>
			<MsgId>ORBK240708000042</MsgId>
			<CreDtTm>2024-07-08T13:43:41Z</CreDtTm>
			<NbOfTxs>13</NbOfTxs>
			<TtlIntrBkSttlmAmt Ccy="MRU">579652</TtlIntrBkSttlmAmt>
			<IntrBkSttlmDt>2024-07-08</IntrBkSttlmDt>
			<SttlmInf>
				<SttlmMtd>CLRG</SttlmMtd>
				<ClrSys>
					<Prtry>ACH</Prtry>
				</ClrSys>
			</SttlmInf>
			<InstgAgt>
				<FinInstnId>
					<BICFI>ORBKMRMR</BICFI>
				</FinInstnId>
			</InstgAgt>
		</GrpHdr>
		<CdtTrfTxInf>
			<PmtId>
				<InstrId>ORBK24070800000404</InstrId>
				<EndToEndId>ORBK24070800000404</EndToEndId>
				<TxId>ORBK24070800000404</TxId>
			</PmtId>
			<PmtTpInf>
				<SvcLvl>
					<Cd>SEPA</Cd>
				</SvcLvl>
				<LclInstrm>
					<Cd>B2B</Cd>
				</LclInstrm>
				<CtgyPurp>
					<Cd>CASH</Cd>
				</CtgyPurp>
			</PmtTpInf>
			<IntrBkSttlmAmt Ccy="MRU">51984</IntrBkSttlmAmt>
			<ChrgBr>SLEV</ChrgBr>
			<Dbtr>
				<Nm>Eric Duran</Nm>
			</Dbtr>
			<DbtrAcct>
				<Id>
					<Othr>
						<Id>KXOO00641491036816</Id>
					</Othr>
				</Id>
			</DbtrAcct>
			<DbtrAgt>
				<FinInstnId>
					<BICFI>ORBKMRMR</BICFI>
				</FinInstnId>
			</DbtrAgt>
			<CdtrAgt>
				<FinInstnId>
					<BICFI>BCEMMRMR</BICFI>
				</FinInstnId>
			</CdtrAgt>
			<Cdtr>
				<Nm>00001000010000300300838</Nm>
			</Cdtr>
			<CdtrAcct>
				<Id>
					<Othr>
						<Id>MRU</Id>
					</Othr>
				</Id>
			</CdtrAcct>
			<Purp>
				<Cd>ADVA</Cd>
			</Purp>
			<RmtInf>
				<Ustrd>Challenge note seek.</Ustrd>
			</RmtInf>
		</CdtTrfTxInf>
		<CdtTrfTxInf>
			<PmtId>
				<InstrId>ORBK24070800000405</InstrId>
				<EndToEndId>ORBK24070800000405</EndToEndId>
				<TxId>ORBK24070800000405</TxId>
			</PmtId>
			<PmtTpInf>
				<SvcLvl>
					<Cd>SEPA</Cd>
				</SvcLvl>
				<LclInstrm>
					<Cd>B2B</Cd>
				</LclInstrm>
				<CtgyPurp>
					<Cd>CASH</Cd>
				</CtgyPurp>
			</PmtTpInf>
			<IntrBkSttlmAmt Ccy="MRU">36169</IntrBkSttlmAmt>
			<ChrgBr>SLEV</ChrgBr>
			<Dbtr>
				<Nm>Erica Smith</Nm>
			</Dbtr>
			<DbtrAcct>
				<Id>
					<Othr>
						<Id>UDTL17739758397732</Id>
					</Othr>
				</Id>
			</DbtrAcct>
			<DbtrAgt>
				<FinInstnId>
					<BICFI>ORBKMRMR</BICFI>
				</FinInstnId>
			</DbtrAgt>
			<CdtrAgt>
				<FinInstnId>
					<BICFI>BCEMMRMR</BICFI>
				</FinInstnId>
			</CdtrAgt>
			<Cdtr>
				<Nm>00001000010000300210531</Nm>
			</Cdtr>
			<CdtrAcct>
				<Id>
					<Othr>
						<Id>MRU</Id>
					</Othr>
				</Id>
			</CdtrAcct>
			<Purp>
				<Cd>ADVA</Cd>
			</Purp>
			<RmtInf>
				<Ustrd>Station until drive.</Ustrd>
			</RmtInf>
		</CdtTrfTxInf>
		<CdtTrfTxInf>
			<PmtId>
				<InstrId>ORBK24070800000406</InstrId>
				<EndToEndId>ORBK24070800000406</EndToEndId>
				<TxId>ORBK24070800000406</TxId>
			</PmtId>
			<PmtTpInf>
				<SvcLvl>
					<Cd>SEPA</Cd>
				</SvcLvl>
				<LclInstrm>
					<Cd>B2B</Cd>
				</LclInstrm>
				<CtgyPurp>
					<Cd>CASH</Cd>
				</CtgyPurp>
			</PmtTpInf>
			<IntrBkSttlmAmt Ccy="MRU">10302</IntrBkSttlmAmt>
			<ChrgBr>SLEV</ChrgBr>
			<Dbtr>
				<Nm>Margaret Davis</Nm>
			</Dbtr>
			<DbtrAcct>
				<Id>
					<Othr>
						<Id>UUYT91934966108724</Id>
					</Othr>
				</Id>
			</DbtrAcct>
			<DbtrAgt>
				<FinInstnId>
					<BICFI>ORBKMRMR</BICFI>
				</FinInstnId>
			</DbtrAgt>
			<CdtrAgt>
				<FinInstnId>
					<BICFI>BCEMMRMR</BICFI>
				</FinInstnId>
			</CdtrAgt>
			<Cdtr>
				<Nm>00001000010000305051995</Nm>
			</Cdtr>
			<CdtrAcct>
				<Id>
					<Othr>
						<Id>MRU</Id>
					</Othr>
				</Id>
			</CdtrAcct>
			<Purp>
				<Cd>ADVA</Cd>
			</Purp>
			<RmtInf>
				<Ustrd>Care yourself world.</Ustrd>
			</RmtInf>
		</CdtTrfTxInf>
		<CdtTrfTxInf>
			<PmtId>
				<InstrId>ORBK24070800000407</InstrId>
				<EndToEndId>ORBK24070800000407</EndToEndId>
				<TxId>ORBK24070800000407</TxId>
			</PmtId>
			<PmtTpInf>
				<SvcLvl>
					<Cd>SEPA</Cd>
				</SvcLvl>
				<LclInstrm>
					<Cd>B2B</Cd>
				</LclInstrm>
				<CtgyPurp>
					<Cd>CASH</Cd>
				</CtgyPurp>
			</PmtTpInf>
			<IntrBkSttlmAmt Ccy="MRU">25816</IntrBkSttlmAmt>
			<ChrgBr>SLEV</ChrgBr>
			<Dbtr>
				<Nm>Diamond Rodriguez</Nm>
			</Dbtr>
			<DbtrAcct>
				<Id>
					<Othr>
						<Id>QBUE61898309862623</Id>
					</Othr>
				</Id>
			</DbtrAcct>
			<DbtrAgt>
				<FinInstnId>
					<BICFI>ORBKMRMR</BICFI>
				</FinInstnId>
			</DbtrAgt>
			<CdtrAgt>
				<FinInstnId>
					<BICFI>BCEMMRMR</BICFI>
				</FinInstnId>
			</CdtrAgt>
			<Cdtr>
				<Nm>00001000010000300170955</Nm>
			</Cdtr>
			<CdtrAcct>
				<Id>
					<Othr>
						<Id>MRU</Id>
					</Othr>
				</Id>
			</CdtrAcct>
			<Purp>
				<Cd>ADVA</Cd>
			</Purp>
			<RmtInf>
				<Ustrd>Project yard major.</Ustrd>
			</RmtInf>
		</CdtTrfTxInf>
		<CdtTrfTxInf>
			<PmtId>
				<InstrId>ORBK24070800000408</InstrId>
				<EndToEndId>ORBK24070800000408</EndToEndId>
				<TxId>ORBK24070800000408</TxId>
			</PmtId>
			<PmtTpInf>
				<SvcLvl>
					<Cd>SEPA</Cd>
				</SvcLvl>
				<LclInstrm>
					<Cd>B2B</Cd>
				</LclInstrm>
				<CtgyPurp>
					<Cd>CASH</Cd>
				</CtgyPurp>
			</PmtTpInf>
			<IntrBkSttlmAmt Ccy="MRU">83037</IntrBkSttlmAmt>
			<ChrgBr>SLEV</ChrgBr>
			<Dbtr>
				<Nm>Lance Robbins</Nm>
			</Dbtr>
			<DbtrAcct>
				<Id>
					<Othr>
						<Id>GXUV99367039868323</Id>
					</Othr>
				</Id>
			</DbtrAcct>
			<DbtrAgt>
				<FinInstnId>
					<BICFI>ORBKMRMR</BICFI>
				</FinInstnId>
			</DbtrAgt>
			<CdtrAgt>
				<FinInstnId>
					<BICFI>BCEMMRMR</BICFI>
				</FinInstnId>
			</CdtrAgt>
			<Cdtr>
				<Nm>00001000010000300211016</Nm>
			</Cdtr>
			<CdtrAcct>
				<Id>
					<Othr>
						<Id>MRU</Id>
					</Othr>
				</Id>
			</CdtrAcct>
			<Purp>
				<Cd>ADVA</Cd>
			</Purp>
			<RmtInf>
				<Ustrd>Station power wife.</Ustrd>
			</RmtInf>
		</CdtTrfTxInf>
		<CdtTrfTxInf>
			<PmtId>
				<InstrId>ORBK24070800000409</InstrId>
				<EndToEndId>ORBK24070800000409</EndToEndId>
				<TxId>ORBK24070800000409</TxId>
			</PmtId>
			<PmtTpInf>
				<SvcLvl>
					<Cd>SEPA</Cd>
				</SvcLvl>
				<LclInstrm>
					<Cd>B2B</Cd>
				</LclInstrm>
				<CtgyPurp>
					<Cd>CASH</Cd>
				</CtgyPurp>
			</PmtTpInf>
			<IntrBkSttlmAmt Ccy="MRU">44895</IntrBkSttlmAmt>
			<ChrgBr>SLEV</ChrgBr>
			<Dbtr>
				<Nm>Peter Anderson</Nm>
			</Dbtr>
			<DbtrAcct>
				<Id>
					<Othr>
						<Id>SWOI18022166516719</Id>
					</Othr>
				</Id>
			</DbtrAcct>
			<DbtrAgt>
				<FinInstnId>
					<BICFI>ORBKMRMR</BICFI>
				</FinInstnId>
			</DbtrAgt>
			<CdtrAgt>
				<FinInstnId>
					<BICFI>BCEMMRMR</BICFI>
				</FinInstnId>
			</CdtrAgt>
			<Cdtr>
				<Nm>00001000010000300214120</Nm>
			</Cdtr>
			<CdtrAcct>
				<Id>
					<Othr>
						<Id>MRU</Id>
					</Othr>
				</Id>
			</CdtrAcct>
			<Purp>
				<Cd>ADVA</Cd>
			</Purp>
			<RmtInf>
				<Ustrd>Process arm break.</Ustrd>
			</RmtInf>
		</CdtTrfTxInf>
		<CdtTrfTxInf>
			<PmtId>
				<InstrId>ORBK24070800000410</InstrId>
				<EndToEndId>ORBK24070800000410</EndToEndId>
				<TxId>ORBK24070800000410</TxId>
			</PmtId>
			<PmtTpInf>
				<SvcLvl>
					<Cd>SEPA</Cd>
				</SvcLvl>
				<LclInstrm>
					<Cd>B2B</Cd>
				</LclInstrm>
				<CtgyPurp>
					<Cd>CASH</Cd>
				</CtgyPurp>
			</PmtTpInf>
			<IntrBkSttlmAmt Ccy="MRU">34715</IntrBkSttlmAmt>
			<ChrgBr>SLEV</ChrgBr>
			<Dbtr>
				<Nm>Peter Perez</Nm>
			</Dbtr>
			<DbtrAcct>
				<Id>
					<Othr>
						<Id>DGIB71181543056286</Id>
					</Othr>
				</Id>
			</DbtrAcct>
			<DbtrAgt>
				<FinInstnId>
					<BICFI>ORBKMRMR</BICFI>
				</FinInstnId>
			</DbtrAgt>
			<CdtrAgt>
				<FinInstnId>
					<BICFI>BCEMMRMR</BICFI>
				</FinInstnId>
			</CdtrAgt>
			<Cdtr>
				<Nm>00001000010000321302696</Nm>
			</Cdtr>
			<CdtrAcct>
				<Id>
					<Othr>
						<Id>MRU</Id>
					</Othr>
				</Id>
			</CdtrAcct>
			<Purp>
				<Cd>ADVA</Cd>
			</Purp>
			<RmtInf>
				<Ustrd>Include group other.</Ustrd>
			</RmtInf>
		</CdtTrfTxInf>
		<CdtTrfTxInf>
			<PmtId>
				<InstrId>ORBK24070800000411</InstrId>
				<EndToEndId>ORBK24070800000411</EndToEndId>
				<TxId>ORBK24070800000411</TxId>
			</PmtId>
			<PmtTpInf>
				<SvcLvl>
					<Cd>SEPA</Cd>
				</SvcLvl>
				<LclInstrm>
					<Cd>B2B</Cd>
				</LclInstrm>
				<CtgyPurp>
					<Cd>CASH</Cd>
				</CtgyPurp>
			</PmtTpInf>
			<IntrBkSttlmAmt Ccy="MRU">38204</IntrBkSttlmAmt>
			<ChrgBr>SLEV</ChrgBr>
			<Dbtr>
				<Nm>Mr. Antonio Nelson MD</Nm>
			</Dbtr>
			<DbtrAcct>
				<Id>
					<Othr>
						<Id>XITB73554451249073</Id>
					</Othr>
				</Id>
			</DbtrAcct>
			<DbtrAgt>
				<FinInstnId>
					<BICFI>ORBKMRMR</BICFI>
				</FinInstnId>
			</DbtrAgt>
			<CdtrAgt>
				<FinInstnId>
					<BICFI>BCEMMRMR</BICFI>
				</FinInstnId>
			</CdtrAgt>
			<Cdtr>
				<Nm>00001000010000300212956</Nm>
			</Cdtr>
			<CdtrAcct>
				<Id>
					<Othr>
						<Id>MRU</Id>
					</Othr>
				</Id>
			</CdtrAcct>
			<Purp>
				<Cd>ADVA</Cd>
			</Purp>
			<RmtInf>
				<Ustrd>Experience sport.</Ustrd>
			</RmtInf>
		</CdtTrfTxInf>
		<CdtTrfTxInf>
			<PmtId>
				<InstrId>ORBK24070800000412</InstrId>
				<EndToEndId>ORBK24070800000412</EndToEndId>
				<TxId>ORBK24070800000412</TxId>
			</PmtId>
			<PmtTpInf>
				<SvcLvl>
					<Cd>SEPA</Cd>
				</SvcLvl>
				<LclInstrm>
					<Cd>B2B</Cd>
				</LclInstrm>
				<CtgyPurp>
					<Cd>CASH</Cd>
				</CtgyPurp>
			</PmtTpInf>
			<IntrBkSttlmAmt Ccy="MRU">14317</IntrBkSttlmAmt>
			<ChrgBr>SLEV</ChrgBr>
			<Dbtr>
				<Nm>Brandon Hogan</Nm>
			</Dbtr>
			<DbtrAcct>
				<Id>
					<Othr>
						<Id>GJWG64054813517289</Id>
					</Othr>
				</Id>
			</DbtrAcct>
			<DbtrAgt>
				<FinInstnId>
					<BICFI>ORBKMRMR</BICFI>
				</FinInstnId>
			</DbtrAgt>
			<CdtrAgt>
				<FinInstnId>
					<BICFI>BCEMMRMR</BICFI>
				</FinInstnId>
			</CdtrAgt>
			<Cdtr>
				<Nm>00001000010000300214702</Nm>
			</Cdtr>
			<CdtrAcct>
				<Id>
					<Othr>
						<Id>MRU</Id>
					</Othr>
				</Id>
			</CdtrAcct>
			<Purp>
				<Cd>ADVA</Cd>
			</Purp>
			<RmtInf>
				<Ustrd>Debate result the.</Ustrd>
			</RmtInf>
		</CdtTrfTxInf>
		<CdtTrfTxInf>
			<PmtId>
				<InstrId>ORBK24070800000413</InstrId>
				<EndToEndId>ORBK24070800000413</EndToEndId>
				<TxId>ORBK24070800000413</TxId>
			</PmtId>
			<PmtTpInf>
				<SvcLvl>
					<Cd>SEPA</Cd>
				</SvcLvl>
				<LclInstrm>
					<Cd>B2B</Cd>
				</LclInstrm>
				<CtgyPurp>
					<Cd>CASH</Cd>
				</CtgyPurp>
			</PmtTpInf>
			<IntrBkSttlmAmt Ccy="MRU">82618</IntrBkSttlmAmt>
			<ChrgBr>SLEV</ChrgBr>
			<Dbtr>
				<Nm>Tamara Turner</Nm>
			</Dbtr>
			<DbtrAcct>
				<Id>
					<Othr>
						<Id>CVLG49343999048427</Id>
					</Othr>
				</Id>
			</DbtrAcct>
			<DbtrAgt>
				<FinInstnId>
					<BICFI>ORBKMRMR</BICFI>
				</FinInstnId>
			</DbtrAgt>
			<CdtrAgt>
				<FinInstnId>
					<BICFI>BCEMMRMR</BICFI>
				</FinInstnId>
			</CdtrAgt>
			<Cdtr>
				<Nm>00001000010000304400058</Nm>
			</Cdtr>
			<CdtrAcct>
				<Id>
					<Othr>
						<Id>MRU</Id>
					</Othr>
				</Id>
			</CdtrAcct>
			<Purp>
				<Cd>ADVA</Cd>
			</Purp>
			<RmtInf>
				<Ustrd>Pretty truth color.</Ustrd>
			</RmtInf>
		</CdtTrfTxInf>
		<CdtTrfTxInf>
			<PmtId>
				<InstrId>ORBK24070800000414</InstrId>
				<EndToEndId>ORBK24070800000414</EndToEndId>
				<TxId>ORBK24070800000414</TxId>
			</PmtId>
			<PmtTpInf>
				<SvcLvl>
					<Cd>SEPA</Cd>
				</SvcLvl>
				<LclInstrm>
					<Cd>B2B</Cd>
				</LclInstrm>
				<CtgyPurp>
					<Cd>CASH</Cd>
				</CtgyPurp>
			</PmtTpInf>
			<IntrBkSttlmAmt Ccy="MRU">73842</IntrBkSttlmAmt>
			<ChrgBr>SLEV</ChrgBr>
			<Dbtr>
				<Nm>James Castillo</Nm>
			</Dbtr>
			<DbtrAcct>
				<Id>
					<Othr>
						<Id>OVAC05438910201400</Id>
					</Othr>
				</Id>
			</DbtrAcct>
			<DbtrAgt>
				<FinInstnId>
					<BICFI>ORBKMRMR</BICFI>
				</FinInstnId>
			</DbtrAgt>
			<CdtrAgt>
				<FinInstnId>
					<BICFI>BCEMMRMR</BICFI>
				</FinInstnId>
			</CdtrAgt>
			<Cdtr>
				<Nm>00001000010000300117508</Nm>
			</Cdtr>
			<CdtrAcct>
				<Id>
					<Othr>
						<Id>MRU</Id>
					</Othr>
				</Id>
			</CdtrAcct>
			<Purp>
				<Cd>ADVA</Cd>
			</Purp>
			<RmtInf>
				<Ustrd>Amount east sense.</Ustrd>
			</RmtInf>
		</CdtTrfTxInf>
		<CdtTrfTxInf>
			<PmtId>
				<InstrId>ORBK24070800000415</InstrId>
				<EndToEndId>ORBK24070800000415</EndToEndId>
				<TxId>ORBK24070800000415</TxId>
			</PmtId>
			<PmtTpInf>
				<SvcLvl>
					<Cd>SEPA</Cd>
				</SvcLvl>
				<LclInstrm>
					<Cd>B2B</Cd>
				</LclInstrm>
				<CtgyPurp>
					<Cd>CASH</Cd>
				</CtgyPurp>
			</PmtTpInf>
			<IntrBkSttlmAmt Ccy="MRU">64881</IntrBkSttlmAmt>
			<ChrgBr>SLEV</ChrgBr>
			<Dbtr>
				<Nm>Vincent Peters</Nm>
			</Dbtr>
			<DbtrAcct>
				<Id>
					<Othr>
						<Id>SUJB72335868895093</Id>
					</Othr>
				</Id>
			</DbtrAcct>
			<DbtrAgt>
				<FinInstnId>
					<BICFI>ORBKMRMR</BICFI>
				</FinInstnId>
			</DbtrAgt>
			<CdtrAgt>
				<FinInstnId>
					<BICFI>BCEMMRMR</BICFI>
				</FinInstnId>
			</CdtrAgt>
			<Cdtr>
				<Nm>00001000010000321301726</Nm>
			</Cdtr>
			<CdtrAcct>
				<Id>
					<Othr>
						<Id>MRU</Id>
					</Othr>
				</Id>
			</CdtrAcct>
			<Purp>
				<Cd>ADVA</Cd>
			</Purp>
			<RmtInf>
				<Ustrd>Realize sea crime.</Ustrd>
			</RmtInf>
		</CdtTrfTxInf>
		<CdtTrfTxInf>
			<PmtId>
				<InstrId>ORBK24070800000416</InstrId>
				<EndToEndId>ORBK24070800000416</EndToEndId>
				<TxId>ORBK24070800000416</TxId>
			</PmtId>
			<PmtTpInf>
				<SvcLvl>
					<Cd>SEPA</Cd>
				</SvcLvl>
				<LclInstrm>
					<Cd>B2B</Cd>
				</LclInstrm>
				<CtgyPurp>
					<Cd>CASH</Cd>
				</CtgyPurp>
			</PmtTpInf>
			<IntrBkSttlmAmt Ccy="MRU">18872</IntrBkSttlmAmt>
			<ChrgBr>SLEV</ChrgBr>
			<Dbtr>
				<Nm>Frank Munoz</Nm>
			</Dbtr>
			<DbtrAcct>
				<Id>
					<Othr>
						<Id>WHDM14342527713792</Id>
					</Othr>
				</Id>
			</DbtrAcct>
			<DbtrAgt>
				<FinInstnId>
					<BICFI>ORBKMRMR</BICFI>
				</FinInstnId>
			</DbtrAgt>
			<CdtrAgt>
				<FinInstnId>
					<BICFI>BCEMMRMR</BICFI>
				</FinInstnId>
			</CdtrAgt>
			<Cdtr>
				<Nm>00001000010000300119642</Nm>
			</Cdtr>
			<CdtrAcct>
				<Id>
					<Othr>
						<Id>MRU</Id>
					</Othr>
				</Id>
			</CdtrAcct>
			<Purp>
				<Cd>ADVA</Cd>
			</Purp>
			<RmtInf>
				<Ustrd>Region eye sound.</Ustrd>
			</RmtInf>
		</CdtTrfTxInf>
	</FIToFICstmrCdtTrf>
</Document>