<?xml version="1.0" encoding="utf-8"?>
<Document xmlns="urn:iso:std:iso:20022:tech:xsd:pacs.008.001.07" xmlns:xsi="http://www.w3.org/2001/XMLSchema-instance">
	<FIToFICstmrCdtTrf>
		<GrpHdr>
			<MsgId>BIMM240708000087</MsgId>
			<CreDtTm>2024-07-08T13:44:15Z</CreDtTm>
			<NbOfTxs>2</NbOfTxs>
			<TtlIntrBkSttlmAmt Ccy="MRU">163385</TtlIntrBkSttlmAmt>
			<IntrBkSttlmDt>2024-07-08</IntrBkSttlmDt>
			<SttlmInf>
				<SttlmMtd>CLRG</SttlmMtd>
				<ClrSys>
					<Prtry>ACH</Prtry>
				</ClrSys>
			</SttlmInf>
			<InstgAgt>
				<FinInstnId>
					<BICFI>BIMMMRMR</BICFI>
				</FinInstnId>
			</InstgAgt>
		</GrpHdr>
		<CdtTrfTxInf>
			<PmtId>
				<InstrId>BIMM24070800000870</InstrId>
				<EndToEndId>BIMM24070800000870</EndToEndId>
				<TxId>BIMM24070800000870</TxId>
			</PmtId>
			<PmtTpInf>
				<SvcLvl>
					<Cd>SEPA</Cd>
				</SvcLvl>
				<LclInstrm>
					<Cd>B2B</Cd>
				</LclInstrm>
				<CtgyPurp>
					<Cd>CASH</Cd>
				</CtgyPurp>
			</PmtTpInf>
			<IntrBkSttlmAmt Ccy="MRU">99775</IntrBkSttlmAmt>
			<ChrgBr>SLEV</ChrgBr>
			<Dbtr>
				<Nm>Stephanie Ashley</Nm>
			</Dbtr>
			<DbtrAcct>
				<Id>
					<Othr>
						<Id>AKUE96944370845522</Id>
					</Othr>
				</Id>
			</DbtrAcct>
			<DbtrAgt>
				<FinInstnId>
					<BICFI>BIMMMRMR</BICFI>
				</FinInstnId>
			</DbtrAgt>
			<CdtrAgt>
				<FinInstnId>
					<BICFI>BCEMMRMR</BICFI>
				</FinInstnId>
			</CdtrAgt>
			<Cdtr>
				<Nm>00001000010000300173186</Nm>
			</Cdtr>
			<CdtrAcct>
				<Id>
					<Othr>
						<Id>MRU</Id>
					</Othr>
				</Id>
			</CdtrAcct>
			<Purp>
				<Cd>ADVA</Cd>
			</Purp>
			<RmtInf>
				<Ustrd>Staff pattern book.</Ustrd>
			</RmtInf>
		</CdtTrfTxInf>
		<CdtTrfTxInf>
			<PmtId>
				<InstrId>BIMM24070800000871</InstrId>
				<EndToEndId>BIMM24070800000871</EndToEndId>
				<TxId>BIMM24070800000871</TxId>
			</PmtId>
			<PmtTpInf>
				<SvcLvl>
					<Cd>SEPA</Cd>
				</SvcLvl>
				<LclInstrm>
					<Cd>B2B</Cd>
				</LclInstrm>
				<CtgyPurp>
					<Cd>CASH</Cd>
				</CtgyPurp>
			</PmtTpInf>
			<IntrBkSttlmAmt Ccy="MRU">63610</IntrBkSttlmAmt>
			<ChrgBr>SLEV</ChrgBr>
			<Dbtr>
				<Nm>Christopher Oliver</Nm>
			</Dbtr>
			<DbtrAcct>
				<Id>
					<Othr>
						<Id>HZAC01485729520627</Id>
					</Othr>
				</Id>
			</DbtrAcct>
			<DbtrAgt>
				<FinInstnId>
					<BICFI>BIMMMRMR</BICFI>
				</FinInstnId>
			</DbtrAgt>
			<CdtrAgt>
				<FinInstnId>
					<BICFI>BCEMMRMR</BICFI>
				</FinInstnId>
			</CdtrAgt>
			<Cdtr>
				<Nm>00001000010000300213926</Nm>
			</Cdtr>
			<CdtrAcct>
				<Id>
					<Othr>
						<Id>MRU</Id>
					</Othr>
				</Id>
			</CdtrAcct>
			<Purp>
				<Cd>ADVA</Cd>
			</Purp>
			<RmtInf>
				<Ustrd>Provide various how.</Ustrd>
			</RmtInf>
		</CdtTrfTxInf>
	</FIToFICstmrCdtTrf>
</Document>