<?xml version="1.0" encoding="utf-8"?>
<Document xmlns="urn:iso:std:iso:20022:tech:xsd:pacs.008.001.07" xmlns:xsi="http://www.w3.org/2001/XMLSchema-instance">
	<FIToFICstmrCdtTrf>
		<GrpHdr>
			<MsgId>BPMA240708000064</MsgId>
			<CreDtTm>2024-07-08T13:43:59Z</CreDtTm>
			<NbOfTxs>18</NbOfTxs>
			<TtlIntrBkSttlmAmt Ccy="MRU">568746</TtlIntrBkSttlmAmt>
			<IntrBkSttlmDt>2024-07-08</IntrBkSttlmDt>
			<SttlmInf>
				<SttlmMtd>CLRG</SttlmMtd>
				<ClrSys>
					<Prtry>ACH</Prtry>
				</ClrSys>
			</SttlmInf>
			<InstgAgt>
				<FinInstnId>
					<BICFI>BPMAMRMR</BICFI>
				</FinInstnId>
			</InstgAgt>
		</GrpHdr>
		<CdtTrfTxInf>
			<PmtId>
				<InstrId>BPMA24070800000631</InstrId>
				<EndToEndId>BPMA24070800000631</EndToEndId>
				<TxId>BPMA24070800000631</TxId>
			</PmtId>
			<PmtTpInf>
				<SvcLvl>
					<Cd>SEPA</Cd>
				</SvcLvl>
				<LclInstrm>
					<Cd>B2B</Cd>
				</LclInstrm>
				<CtgyPurp>
					<Cd>CASH</Cd>
				</CtgyPurp>
			</PmtTpInf>
			<IntrBkSttlmAmt Ccy="MRU">45625</IntrBkSttlmAmt>
			<ChrgBr>SLEV</ChrgBr>
			<Dbtr>
				<Nm>Cheryl Hunt</Nm>
			</Dbtr>
			<DbtrAcct>
				<Id>
					<Othr>
						<Id>LSUR37421625351085</Id>
					</Othr>
				</Id>
			</DbtrAcct>
			<DbtrAgt>
				<FinInstnId>
					<BICFI>BPMAMRMR</BICFI>
				</FinInstnId>
			</DbtrAgt>
			<CdtrAgt>
				<FinInstnId>
					<BICFI>BCEMMRMR</BICFI>
				</FinInstnId>
			</CdtrAgt>
			<Cdtr>
				<Nm>00001000010000300123716</Nm>
			</Cdtr>
			<CdtrAcct>
				<Id>
					<Othr>
						<Id>MRU</Id>
					</Othr>
				</Id>
			</CdtrAcct>
			<Purp>
				<Cd>ADVA</Cd>
			</Purp>
			<RmtInf>
				<Ustrd>Process rock may.</Ustrd>
			</RmtInf>
		</CdtTrfTxInf>
		<CdtTrfTxInf>
			<PmtId>
				<InstrId>BPMA24070800000632</InstrId>
				<EndToEndId>BPMA24070800000632</EndToEndId>
				<TxId>BPMA24070800000632</TxId>
			</PmtId>
			<PmtTpInf>
				<SvcLvl>
					<Cd>SEPA</Cd>
				</SvcLvl>
				<LclInstrm>
					<Cd>B2B</Cd>
				</LclInstrm>
				<CtgyPurp>
					<Cd>CASH</Cd>
				</CtgyPurp>
			</PmtTpInf>
			<IntrBkSttlmAmt Ccy="MRU">4753</IntrBkSttlmAmt>
			<ChrgBr>SLEV</ChrgBr>
			<Dbtr>
				<Nm>Taylor Thomas</Nm>
			</Dbtr>
			<DbtrAcct>
				<Id>
					<Othr>
						<Id>AENE73282363095710</Id>
					</Othr>
				</Id>
			</DbtrAcct>
			<DbtrAgt>
				<FinInstnId>
					<BICFI>BPMAMRMR</BICFI>
				</FinInstnId>
			</DbtrAgt>
			<CdtrAgt>
				<FinInstnId>
					<BICFI>BCEMMRMR</BICFI>
				</FinInstnId>
			</CdtrAgt>
			<Cdtr>
				<Nm>00001000010000300172410</Nm>
			</Cdtr>
			<CdtrAcct>
				<Id>
					<Othr>
						<Id>MRU</Id>
					</Othr>
				</Id>
			</CdtrAcct>
			<Purp>
				<Cd>ADVA</Cd>
			</Purp>
			<RmtInf>
				<Ustrd>Including break.</Ustrd>
			</RmtInf>
		</CdtTrfTxInf>
		<CdtTrfTxInf>
			<PmtId>
				<InstrId>BPMA24070800000633</InstrId>
				<EndToEndId>BPMA24070800000633</EndToEndId>
				<TxId>BPMA24070800000633</TxId>
			</PmtId>
			<PmtTpInf>
				<SvcLvl>
					<Cd>SEPA</Cd>
				</SvcLvl>
				<LclInstrm>
					<Cd>B2B</Cd>
				</LclInstrm>
				<CtgyPurp>
					<Cd>CASH</Cd>
				</CtgyPurp>
			</PmtTpInf>
			<IntrBkSttlmAmt Ccy="MRU">35902</IntrBkSttlmAmt>
			<ChrgBr>SLEV</ChrgBr>
			<Dbtr>
				<Nm>Wendy Archer</Nm>
			</Dbtr>
			<DbtrAcct>
				<Id>
					<Othr>
						<Id>ICJW45023929943407</Id>
					</Othr>
				</Id>
			</DbtrAcct>
			<DbtrAgt>
				<FinInstnId>
					<BICFI>BPMAMRMR</BICFI>
				</FinInstnId>
			</DbtrAgt>
			<CdtrAgt>
				<FinInstnId>
					<BICFI>BCEMMRMR</BICFI>
				</FinInstnId>
			</CdtrAgt>
			<Cdtr>
				<Nm>00001000010000300139042</Nm>
			</Cdtr>
			<CdtrAcct>
				<Id>
					<Othr>
						<Id>MRU</Id>
					</Othr>
				</Id>
			</CdtrAcct>
			<Purp>
				<Cd>ADVA</Cd>
			</Purp>
			<RmtInf>
				<Ustrd>Grow practice.</Ustrd>
			</RmtInf>
		</CdtTrfTxInf>
		<CdtTrfTxInf>
			<PmtId>
				<InstrId>BPMA24070800000634</InstrId>
				<EndToEndId>BPMA24070800000634</EndToEndId>
				<TxId>BPMA24070800000634</TxId>
			</PmtId>
			<PmtTpInf>
				<SvcLvl>
					<Cd>SEPA</Cd>
				</SvcLvl>
				<LclInstrm>
					<Cd>B2B</Cd>
				</LclInstrm>
				<CtgyPurp>
					<Cd>CASH</Cd>
				</CtgyPurp>
			</PmtTpInf>
			<IntrBkSttlmAmt Ccy="MRU">48066</IntrBkSttlmAmt>
			<ChrgBr>SLEV</ChrgBr>
			<Dbtr>
				<Nm>Dylan Powell</Nm>
			</Dbtr>
			<DbtrAcct>
				<Id>
					<Othr>
						<Id>CTAA85631569721434</Id>
					</Othr>
				</Id>
			</DbtrAcct>
			<DbtrAgt>
				<FinInstnId>
					<BICFI>BPMAMRMR</BICFI>
				</FinInstnId>
			</DbtrAgt>
			<CdtrAgt>
				<FinInstnId>
					<BICFI>BCEMMRMR</BICFI>
				</FinInstnId>
			</CdtrAgt>
			<Cdtr>
				<Nm>00001000010000300125365</Nm>
			</Cdtr>
			<CdtrAcct>
				<Id>
					<Othr>
						<Id>MRU</Id>
					</Othr>
				</Id>
			</CdtrAcct>
			<Purp>
				<Cd>ADVA</Cd>
			</Purp>
			<RmtInf>
				<Ustrd>Course tonight call.</Ustrd>
			</RmtInf>
		</CdtTrfTxInf>
		<CdtTrfTxInf>
			<PmtId>
				<InstrId>BPMA24070800000635</InstrId>
				<EndToEndId>BPMA24070800000635</EndToEndId>
				<TxId>BPMA24070800000635</TxId>
			</PmtId>
			<PmtTpInf>
				<SvcLvl>
					<Cd>SEPA</Cd>
				</SvcLvl>
				<LclInstrm>
					<Cd>B2B</Cd>
				</LclInstrm>
				<CtgyPurp>
					<Cd>CASH</Cd>
				</CtgyPurp>
			</PmtTpInf>
			<IntrBkSttlmAmt Ccy="MRU">3730</IntrBkSttlmAmt>
			<ChrgBr>SLEV</ChrgBr>
			<Dbtr>
				<Nm>Jesse Wolfe</Nm>
			</Dbtr>
			<DbtrAcct>
				<Id>
					<Othr>
						<Id>ZOEM85356048116457</Id>
					</Othr>
				</Id>
			</DbtrAcct>
			<DbtrAgt>
				<FinInstnId>
					<BICFI>BPMAMRMR</BICFI>
				</FinInstnId>
			</DbtrAgt>
			<CdtrAgt>
				<FinInstnId>
					<BICFI>BCEMMRMR</BICFI>
				</FinInstnId>
			</CdtrAgt>
			<Cdtr>
				<Nm>00001000010000300158054</Nm>
			</Cdtr>
			<CdtrAcct>
				<Id>
					<Othr>
						<Id>MRU</Id>
					</Othr>
				</Id>
			</CdtrAcct>
			<Purp>
				<Cd>ADVA</Cd>
			</Purp>
			<RmtInf>
				<Ustrd>Box reduce.</Ustrd>
			</RmtInf>
		</CdtTrfTxInf>
		<CdtTrfTxInf>
			<PmtId>
				<InstrId>BPMA24070800000636</InstrId>
				<EndToEndId>BPMA24070800000636</EndToEndId>
				<TxId>BPMA24070800000636</TxId>
			</PmtId>
			<PmtTpInf>
				<SvcLvl>
					<Cd>SEPA</Cd>
				</SvcLvl>
				<LclInstrm>
					<Cd>B2B</Cd>
				</LclInstrm>
				<CtgyPurp>
					<Cd>CASH</Cd>
				</CtgyPurp>
			</PmtTpInf>
			<IntrBkSttlmAmt Ccy="MRU">62424</IntrBkSttlmAmt>
			<ChrgBr>SLEV</ChrgBr>
			<Dbtr>
				<Nm>Victoria Weiss</Nm>
			</Dbtr>
			<DbtrAcct>
				<Id>
					<Othr>
						<Id>OBJL57325587091453</Id>
					</Othr>
				</Id>
			</DbtrAcct>
			<DbtrAgt>
				<FinInstnId>
					<BICFI>BPMAMRMR</BICFI>
				</FinInstnId>
			</DbtrAgt>
			<CdtrAgt>
				<FinInstnId>
					<BICFI>BCEMMRMR</BICFI>
				</FinInstnId>
			</CdtrAgt>
			<Cdtr>
				<Nm>00001000010000300134095</Nm>
			</Cdtr>
			<CdtrAcct>
				<Id>
					<Othr>
						<Id>MRU</Id>
					</Othr>
				</Id>
			</CdtrAcct>
			<Purp>
				<Cd>ADVA</Cd>
			</Purp>
			<RmtInf>
				<Ustrd>American join.</Ustrd>
			</RmtInf>
		</CdtTrfTxInf>
		<CdtTrfTxInf>
			<PmtId>
				<InstrId>BPMA24070800000637</InstrId>
				<EndToEndId>BPMA24070800000637</EndToEndId>
				<TxId>BPMA24070800000637</TxId>
			</PmtId>
			<PmtTpInf>
				<SvcLvl>
					<Cd>SEPA</Cd>
				</SvcLvl>
				<LclInstrm>
					<Cd>B2B</Cd>
				</LclInstrm>
				<CtgyPurp>
					<Cd>CASH</Cd>
				</CtgyPurp>
			</PmtTpInf>
			<IntrBkSttlmAmt Ccy="MRU">10983</IntrBkSttlmAmt>
			<ChrgBr>SLEV</ChrgBr>
			<Dbtr>
				<Nm>Rodney Woodard</Nm>
			</Dbtr>
			<DbtrAcct>
				<Id>
					<Othr>
						<Id>UNKK07749263812508</Id>
					</Othr>
				</Id>
			</DbtrAcct>
			<DbtrAgt>
				<FinInstnId>
					<BICFI>BPMAMRMR</BICFI>
				</FinInstnId>
			</DbtrAgt>
			<CdtrAgt>
				<FinInstnId>
					<BICFI>BCEMMRMR</BICFI>
				</FinInstnId>
			</CdtrAgt>
			<Cdtr>
				<Nm>00001000010000321300950</Nm>
			</Cdtr>
			<CdtrAcct>
				<Id>
					<Othr>
						<Id>MRU</Id>
					</Othr>
				</Id>
			</CdtrAcct>
			<Purp>
				<Cd>ADVA</Cd>
			</Purp>
			<RmtInf>
				<Ustrd>Soldier travel.</Ustrd>
			</RmtInf>
		</CdtTrfTxInf>
		<CdtTrfTxInf>
			<PmtId>
				<InstrId>BPMA24070800000638</InstrId>
				<EndToEndId>BPMA24070800000638</EndToEndId>
				<TxId>BPMA24070800000638</TxId>
			</PmtId>
			<PmtTpInf>
				<SvcLvl>
					<Cd>SEPA</Cd>
				</SvcLvl>
				<LclInstrm>
					<Cd>B2B</Cd>
				</LclInstrm>
				<CtgyPurp>
					<Cd>CASH</Cd>
				</CtgyPurp>
			</PmtTpInf>
			<IntrBkSttlmAmt Ccy="MRU">22111</IntrBkSttlmAmt>
			<ChrgBr>SLEV</ChrgBr>
			<Dbtr>
				<Nm>Eric Stone</Nm>
			</Dbtr>
			<DbtrAcct>
				<Id>
					<Othr>
						<Id>MKAP00093697637489</Id>
					</Othr>
				</Id>
			</DbtrAcct>
			<DbtrAgt>
				<FinInstnId>
					<BICFI>BPMAMRMR</BICFI>
				</FinInstnId>
			</DbtrAgt>
			<CdtrAgt>
				<FinInstnId>
					<BICFI>BCEMMRMR</BICFI>
				</FinInstnId>
			</CdtrAgt>
			<Cdtr>
				<Nm>00001000010000300174059</Nm>
			</Cdtr>
			<CdtrAcct>
				<Id>
					<Othr>
						<Id>MRU</Id>
					</Othr>
				</Id>
			</CdtrAcct>
			<Purp>
				<Cd>ADVA</Cd>
			</Purp>
			<RmtInf>
				<Ustrd>Voice finally image.</Ustrd>
			</RmtInf>
		</CdtTrfTxInf>
		<CdtTrfTxInf>
			<PmtId>
				<InstrId>BPMA24070800000639</InstrId>
				<EndToEndId>BPMA24070800000639</EndToEndId>
				<TxId>BPMA24070800000639</TxId>
			</PmtId>
			<PmtTpInf>
				<SvcLvl>
					<Cd>SEPA</Cd>
				</SvcLvl>
				<LclInstrm>
					<Cd>B2B</Cd>
				</LclInstrm>
				<CtgyPurp>
					<Cd>CASH</Cd>
				</CtgyPurp>
			</PmtTpInf>
			<IntrBkSttlmAmt Ccy="MRU">17691</IntrBkSttlmAmt>
			<ChrgBr>SLEV</ChrgBr>
			<Dbtr>
				<Nm>Kevin Allen</Nm>
			</Dbtr>
			<DbtrAcct>
				<Id>
					<Othr>
						<Id>QHEI05629955393365</Id>
					</Othr>
				</Id>
			</DbtrAcct>
			<DbtrAgt>
				<FinInstnId>
					<BICFI>BPMAMRMR</BICFI>
				</FinInstnId>
			</DbtrAgt>
			<CdtrAgt>
				<FinInstnId>
					<BICFI>BCEMMRMR</BICFI>
				</FinInstnId>
			</CdtrAgt>
			<Cdtr>
				<Nm>00001000010000300122746</Nm>
			</Cdtr>
			<CdtrAcct>
				<Id>
					<Othr>
						<Id>MRU</Id>
					</Othr>
				</Id>
			</CdtrAcct>
			<Purp>
				<Cd>ADVA</Cd>
			</Purp>
			<RmtInf>
				<Ustrd>Difference big.</Ustrd>
			</RmtInf>
		</CdtTrfTxInf>
		<CdtTrfTxInf>
			<PmtId>
				<InstrId>BPMA24070800000640</InstrId>
				<EndToEndId>BPMA24070800000640</EndToEndId>
				<TxId>BPMA24070800000640</TxId>
			</PmtId>
			<PmtTpInf>
				<SvcLvl>
					<Cd>SEPA</Cd>
				</SvcLvl>
				<LclInstrm>
					<Cd>B2B</Cd>
				</LclInstrm>
				<CtgyPurp>
					<Cd>CASH</Cd>
				</CtgyPurp>
			</PmtTpInf>
			<IntrBkSttlmAmt Ccy="MRU">4493</IntrBkSttlmAmt>
			<ChrgBr>SLEV</ChrgBr>
			<Dbtr>
				<Nm>Janice Hendricks</Nm>
			</Dbtr>
			<DbtrAcct>
				<Id>
					<Othr>
						<Id>ZGRC63960438670258</Id>
					</Othr>
				</Id>
			</DbtrAcct>
			<DbtrAgt>
				<FinInstnId>
					<BICFI>BPMAMRMR</BICFI>
				</FinInstnId>
			</DbtrAgt>
			<CdtrAgt>
				<FinInstnId>
					<BICFI>BCEMMRMR</BICFI>
				</FinInstnId>
			</CdtrAgt>
			<Cdtr>
				<Nm>00001000010000321100451</Nm>
			</Cdtr>
			<CdtrAcct>
				<Id>
					<Othr>
						<Id>MRU</Id>
					</Othr>
				</Id>
			</CdtrAcct>
			<Purp>
				<Cd>ADVA</Cd>
			</Purp>
			<RmtInf>
				<Ustrd>Store eight firm.</Ustrd>
			</RmtInf>
		</CdtTrfTxInf>
		<CdtTrfTxInf>
			<PmtId>
				<InstrId>BPMA24070800000641</InstrId>
				<EndToEndId>BPMA24070800000641</EndToEndId>
				<TxId>BPMA24070800000641</TxId>
			</PmtId>
			<PmtTpInf>
				<SvcLvl>
					<Cd>SEPA</Cd>
				</SvcLvl>
				<LclInstrm>
					<Cd>B2B</Cd>
				</LclInstrm>
				<CtgyPurp>
					<Cd>CASH</Cd>
				</CtgyPurp>
			</PmtTpInf>
			<IntrBkSttlmAmt Ccy="MRU">34060</IntrBkSttlmAmt>
			<ChrgBr>SLEV</ChrgBr>
			<Dbtr>
				<Nm>David Freeman</Nm>
			</Dbtr>
			<DbtrAcct>
				<Id>
					<Othr>
						<Id>WCQV13302304361293</Id>
					</Othr>
				</Id>
			</DbtrAcct>
			<DbtrAgt>
				<FinInstnId>
					<BICFI>BPMAMRMR</BICFI>
				</FinInstnId>
			</DbtrAgt>
			<CdtrAgt>
				<FinInstnId>
					<BICFI>BCEMMRMR</BICFI>
				</FinInstnId>
			</CdtrAgt>
			<Cdtr>
				<Nm>00001000010000300158054</Nm>
			</Cdtr>
			<CdtrAcct>
				<Id>
					<Othr>
						<Id>MRU</Id>
					</Othr>
				</Id>
			</CdtrAcct>
			<Purp>
				<Cd>ADVA</Cd>
			</Purp>
			<RmtInf>
				<Ustrd>Less necessary.</Ustrd>
			</RmtInf>
		</CdtTrfTxInf>
		<CdtTrfTxInf>
			<PmtId>
				<InstrId>BPMA24070800000642</InstrId>
				<EndToEndId>BPMA24070800000642</EndToEndId>
				<TxId>BPMA24070800000642</TxId>
			</PmtId>
			<PmtTpInf>
				<SvcLvl>
					<Cd>SEPA</Cd>
				</SvcLvl>
				<LclInstrm>
					<Cd>B2B</Cd>
				</LclInstrm>
				<CtgyPurp>
					<Cd>CASH</Cd>
				</CtgyPurp>
			</PmtTpInf>
			<IntrBkSttlmAmt Ccy="MRU">20915</IntrBkSttlmAmt>
			<ChrgBr>SLEV</ChrgBr>
			<Dbtr>
				<Nm>Kevin King</Nm>
			</Dbtr>
			<DbtrAcct>
				<Id>
					<Othr>
						<Id>KERZ82293298400132</Id>
					</Othr>
				</Id>
			</DbtrAcct>
			<DbtrAgt>
				<FinInstnId>
					<BICFI>BPMAMRMR</BICFI>
				</FinInstnId>
			</DbtrAgt>
			<CdtrAgt>
				<FinInstnId>
					<BICFI>BCEMMRMR</BICFI>
				</FinInstnId>
			</CdtrAgt>
			<Cdtr>
				<Nm>00001000010000300192877</Nm>
			</Cdtr>
			<CdtrAcct>
				<Id>
					<Othr>
						<Id>MRU</Id>
					</Othr>
				</Id>
			</CdtrAcct>
			<Purp>
				<Cd>ADVA</Cd>
			</Purp>
			<RmtInf>
				<Ustrd>Machine pretty each.</Ustrd>
			</RmtInf>
		</CdtTrfTxInf>
		<CdtTrfTxInf>
			<PmtId>
				<InstrId>BPMA24070800000643</InstrId>
				<EndToEndId>BPMA24070800000643</EndToEndId>
				<TxId>BPMA24070800000643</TxId>
			</PmtId>
			<PmtTpInf>
				<SvcLvl>
					<Cd>SEPA</Cd>
				</SvcLvl>
				<LclInstrm>
					<Cd>B2B</Cd>
				</LclInstrm>
				<CtgyPurp>
					<Cd>CASH</Cd>
				</CtgyPurp>
			</PmtTpInf>
			<IntrBkSttlmAmt Ccy="MRU">2728</IntrBkSttlmAmt>
			<ChrgBr>SLEV</ChrgBr>
			<Dbtr>
				<Nm>Jeff Erickson</Nm>
			</Dbtr>
			<DbtrAcct>
				<Id>
					<Othr>
						<Id>QLVI52913175621784</Id>
					</Othr>
				</Id>
			</DbtrAcct>
			<DbtrAgt>
				<FinInstnId>
					<BICFI>BPMAMRMR</BICFI>
				</FinInstnId>
			</DbtrAgt>
			<CdtrAgt>
				<FinInstnId>
					<BICFI>BCEMMRMR</BICFI>
				</FinInstnId>
			</CdtrAgt>
			<Cdtr>
				<Nm>00001000010000300116053</Nm>
			</Cdtr>
			<CdtrAcct>
				<Id>
					<Othr>
						<Id>MRU</Id>
					</Othr>
				</Id>
			</CdtrAcct>
			<Purp>
				<Cd>ADVA</Cd>
			</Purp>
			<RmtInf>
				<Ustrd>Style similar thing.</Ustrd>
			</RmtInf>
		</CdtTrfTxInf>
		<CdtTrfTxInf>
			<PmtId>
				<InstrId>BPMA24070800000644</InstrId>
				<EndToEndId>BPMA24070800000644</EndToEndId>
				<TxId>BPMA24070800000644</TxId>
			</PmtId>
			<PmtTpInf>
				<SvcLvl>
					<Cd>SEPA</Cd>
				</SvcLvl>
				<LclInstrm>
					<Cd>B2B</Cd>
				</LclInstrm>
				<CtgyPurp>
					<Cd>CASH</Cd>
				</CtgyPurp>
			</PmtTpInf>
			<IntrBkSttlmAmt Ccy="MRU">86072</IntrBkSttlmAmt>
			<ChrgBr>SLEV</ChrgBr>
			<Dbtr>
				<Nm>Riley Villarreal</Nm>
			</Dbtr>
			<DbtrAcct>
				<Id>
					<Othr>
						<Id>JRGO63197718459344</Id>
					</Othr>
				</Id>
			</DbtrAcct>
			<DbtrAgt>
				<FinInstnId>
					<BICFI>BPMAMRMR</BICFI>
				</FinInstnId>
			</DbtrAgt>
			<CdtrAgt>
				<FinInstnId>
					<BICFI>BCEMMRMR</BICFI>
				</FinInstnId>
			</CdtrAgt>
			<Cdtr>
				<Nm>00001000010000305500523</Nm>
			</Cdtr>
			<CdtrAcct>
				<Id>
					<Othr>
						<Id>MRU</Id>
					</Othr>
				</Id>
			</CdtrAcct>
			<Purp>
				<Cd>ADVA</Cd>
			</Purp>
			<RmtInf>
				<Ustrd>Which could fight.</Ustrd>
			</RmtInf>
		</CdtTrfTxInf>
		<CdtTrfTxInf>
			<PmtId>
				<InstrId>BPMA24070800000645</InstrId>
				<EndToEndId>BPMA24070800000645</EndToEndId>
				<TxId>BPMA24070800000645</TxId>
			</PmtId>
			<PmtTpInf>
				<SvcLvl>
					<Cd>SEPA</Cd>
				</SvcLvl>
				<LclInstrm>
					<Cd>B2B</Cd>
				</LclInstrm>
				<CtgyPurp>
					<Cd>CASH</Cd>
				</CtgyPurp>
			</PmtTpInf>
			<IntrBkSttlmAmt Ccy="MRU">73100</IntrBkSttlmAmt>
			<ChrgBr>SLEV</ChrgBr>
			<Dbtr>
				<Nm>Eileen Estrada</Nm>
			</Dbtr>
			<DbtrAcct>
				<Id>
					<Othr>
						<Id>TNVE22811229046473</Id>
					</Othr>
				</Id>
			</DbtrAcct>
			<DbtrAgt>
				<FinInstnId>
					<BICFI>BPMAMRMR</BICFI>
				</FinInstnId>
			</DbtrAgt>
			<CdtrAgt>
				<FinInstnId>
					<BICFI>BCEMMRMR</BICFI>
				</FinInstnId>
			</CdtrAgt>
			<Cdtr>
				<Nm>00001000010000300300741</Nm>
			</Cdtr>
			<CdtrAcct>
				<Id>
					<Othr>
						<Id>MRU</Id>
					</Othr>
				</Id>
			</CdtrAcct>
			<Purp>
				<Cd>ADVA</Cd>
			</Purp>
			<RmtInf>
				<Ustrd>Agree push together.</Ustrd>
			</RmtInf>
		</CdtTrfTxInf>
		<CdtTrfTxInf>
			<PmtId>
				<InstrId>BPMA24070800000646</InstrId>
				<EndToEndId>BPMA24070800000646</EndToEndId>
				<TxId>BPMA24070800000646</TxId>
			</PmtId>
			<PmtTpInf>
				<SvcLvl>
					<Cd>SEPA</Cd>
				</SvcLvl>
				<LclInstrm>
					<Cd>B2B</Cd>
				</LclInstrm>
				<CtgyPurp>
					<Cd>CASH</Cd>
				</CtgyPurp>
			</PmtTpInf>
			<IntrBkSttlmAmt Ccy="MRU">30760</IntrBkSttlmAmt>
			<ChrgBr>SLEV</ChrgBr>
			<Dbtr>
				<Nm>Kevin Cook</Nm>
			</Dbtr>
			<DbtrAcct>
				<Id>
					<Othr>
						<Id>PABN82859180255693</Id>
					</Othr>
				</Id>
			</DbtrAcct>
			<DbtrAgt>
				<FinInstnId>
					<BICFI>BPMAMRMR</BICFI>
				</FinInstnId>
			</DbtrAgt>
			<CdtrAgt>
				<FinInstnId>
					<BICFI>BCEMMRMR</BICFI>
				</FinInstnId>
			</CdtrAgt>
			<Cdtr>
				<Nm>00001000010000300114113</Nm>
			</Cdtr>
			<CdtrAcct>
				<Id>
					<Othr>
						<Id>MRU</Id>
					</Othr>
				</Id>
			</CdtrAcct>
			<Purp>
				<Cd>ADVA</Cd>
			</Purp>
			<RmtInf>
				<Ustrd>Management start.</Ustrd>
			</RmtInf>
		</CdtTrfTxInf>
		<CdtTrfTxInf>
			<PmtId>
				<InstrId>BPMA24070800000647</InstrId>
				<EndToEndId>BPMA24070800000647</EndToEndId>
				<TxId>BPMA24070800000647</TxId>
			</PmtId>
			<PmtTpInf>
				<SvcLvl>
					<Cd>SEPA</Cd>
				</SvcLvl>
				<LclInstrm>
					<Cd>B2B</Cd>
				</LclInstrm>
				<CtgyPurp>
					<Cd>CASH</Cd>
				</CtgyPurp>
			</PmtTpInf>
			<IntrBkSttlmAmt Ccy="MRU">40575</IntrBkSttlmAmt>
			<ChrgBr>SLEV</ChrgBr>
			<Dbtr>
				<Nm>John Flores</Nm>
			</Dbtr>
			<DbtrAcct>
				<Id>
					<Othr>
						<Id>TYYJ99950335334872</Id>
					</Othr>
				</Id>
			</DbtrAcct>
			<DbtrAgt>
				<FinInstnId>
					<BICFI>BPMAMRMR</BICFI>
				</FinInstnId>
			</DbtrAgt>
			<CdtrAgt>
				<FinInstnId>
					<BICFI>BCEMMRMR</BICFI>
				</FinInstnId>
			</CdtrAgt>
			<Cdtr>
				<Nm>00001000010000321100451</Nm>
			</Cdtr>
			<CdtrAcct>
				<Id>
					<Othr>
						<Id>MRU</Id>
					</Othr>
				</Id>
			</CdtrAcct>
			<Purp>
				<Cd>ADVA</Cd>
			</Purp>
			<RmtInf>
				<Ustrd>Can marriage much.</Ustrd>
			</RmtInf>
		</CdtTrfTxInf>
		<CdtTrfTxInf>
			<PmtId>
				<InstrId>BPMA24070800000648</InstrId>
				<EndToEndId>BPMA24070800000648</EndToEndId>
				<TxId>BPMA24070800000648</TxId>
			</PmtId>
			<PmtTpInf>
				<SvcLvl>
					<Cd>SEPA</Cd>
				</SvcLvl>
				<LclInstrm>
					<Cd>B2B</Cd>
				</LclInstrm>
				<CtgyPurp>
					<Cd>CASH</Cd>
				</CtgyPurp>
			</PmtTpInf>
			<IntrBkSttlmAmt Ccy="MRU">24758</IntrBkSttlmAmt>
			<ChrgBr>SLEV</ChrgBr>
			<Dbtr>
				<Nm>Tony Campbell</Nm>
			</Dbtr>
			<DbtrAcct>
				<Id>
					<Othr>
						<Id>YSNY89337100825187</Id>
					</Othr>
				</Id>
			</DbtrAcct>
			<DbtrAgt>
				<FinInstnId>
					<BICFI>BPMAMRMR</BICFI>
				</FinInstnId>
			</DbtrAgt>
			<CdtrAgt>
				<FinInstnId>
					<BICFI>BCEMMRMR</BICFI>
				</FinInstnId>
			</CdtrAgt>
			<Cdtr>
				<Nm>00001000010000300122843</Nm>
			</Cdtr>
			<CdtrAcct>
				<Id>
					<Othr>
						<Id>MRU</Id>
					</Othr>
				</Id>
			</CdtrAcct>
			<Purp>
				<Cd>ADVA</Cd>
			</Purp>
			<RmtInf>
				<Ustrd>Accept finish onto.</Ustrd>
			</RmtInf>
		</CdtTrfTxInf>
	</FIToFICstmrCdtTrf>
</Document>